<?xml version="1.0" encoding="UTF-8"?>
<record xmlns="http://www.loc.gov/MARC21/slim">
   <leader>01185cam a2200253 a 4500</leader>
   <controlfield tag="001">435859</controlfield>
   <controlfield tag="003">NjP</controlfield>
   <controlfield tag="005">20171012083054.0</controlfield>
   <controlfield tag="008">880330s1985    ir       b    00010 ara d</controlfield>
   <datafield tag="024" ind1="7" ind2=" ">
      <subfield code="a">princeton_aco003459</subfield>
      <subfield code="2">local</subfield>
   </datafield>
   <datafield ind1=" " ind2=" " tag="035">
      <subfield code="a">(OCoLC)25342764</subfield>
   </datafield>
   <datafield ind1=" " ind2=" " tag="035">
      <subfield code="a">(CStRLIN)NJPG88-B17226</subfield>
   </datafield>
   <datafield ind1=" " ind2=" " tag="035">
      <subfield code="9">ACB1465TS</subfield>
   </datafield>
   <datafield ind1=" " ind2=" " tag="040">
      <subfield code="a">NjP</subfield>
      <subfield code="c">NjP</subfield>
   </datafield>
   <datafield ind1="1" ind2=" " tag="100">
      <subfield code="a">Ibn Bābawayh, ʻAlī ibn al-Ḥusayn,</subfield>
      <subfield code="d">-941.</subfield>
      <subfield code="0">http://id.loc.gov/authorities/names/n88284272</subfield>
   </datafield>
   <datafield ind1="1" ind2="0" tag="240">
      <subfield code="a">Fatāwá Ibn Bābawayh al-Qummī</subfield>
   </datafield>
   <datafield ind1="1" ind2="0" tag="245">
      <subfield code="a">Risālatān majmūʻatān min fatāwá al-ʻalamayn /</subfield>
      <subfield code="c">ʻAlī ibn al-Ḥusayn ibn Bābawayh al-Qummī, wa-al-Ḥasan ibn ʻAlī ibn Abī ʻAqīl al-ʻUmānī.</subfield>
   </datafield>
   <datafield ind1=" " ind2=" " tag="250">
      <subfield code="a">al-Ṭabʻah 1.</subfield>
   </datafield>
   <datafield ind1=" " ind2=" " tag="260">
      <subfield code="a">Qum :</subfield>
      <subfield code="b">Ṭābiʻat al-Ikhlāṣ,</subfield>
      <subfield code="c">1406 [1986]</subfield>
   </datafield>
   <datafield ind1=" " ind2=" " tag="300">
      <subfield code="a">29, 146, 174 p. ;</subfield>
      <subfield code="c">25 cm.</subfield>
   </datafield>
   <datafield ind1=" " ind2=" " tag="504">
      <subfield code="a">Includes bibliographical references.</subfield>
   </datafield>
   <datafield ind1=" " ind2="0" tag="650">
      <subfield code="a">Fatwas.</subfield>
      <subfield code="0">http://id.loc.gov/authorities/subjects/sh85047475</subfield>
   </datafield>
   <datafield ind1="1" ind2="2" tag="700">
      <subfield code="a">ʻUmānī, al-Ḥasan ibn ʻAlī,</subfield>
      <subfield code="d">active 11th century-12th century.</subfield>
      <subfield code="t">Fatāwá Ibn Abī ʻAqīl.</subfield>
      <subfield code="f">1986.</subfield>
      <subfield code="0">http://id.loc.gov/authorities/names/nr91039012</subfield>
   </datafield>
   <datafield ind1=" " ind2=" " tag="998">
      <subfield code="a">10/11/91</subfield>
      <subfield code="s">9118</subfield>
      <subfield code="n">NjP</subfield>
      <subfield code="w">NJPG88B17226</subfield>
      <subfield code="d">03/30/88</subfield>
      <subfield code="c">JEB</subfield>
      <subfield code="b">JEB</subfield>
      <subfield code="i">911011</subfield>
      <subfield code="l">NJPG</subfield>
   </datafield>
   <datafield ind1=" " ind2=" " tag="911">
      <subfield code="a">19921028</subfield>
   </datafield>
   <datafield ind1=" " ind2=" " tag="912">
      <subfield code="a">19991214052620.0</subfield>
   </datafield>
   <datafield ind1="8" ind2="0" tag="852">
      <subfield code="0">474755</subfield>
      <subfield code="b">rcppa</subfield>
      <subfield code="t">1</subfield>
      <subfield code="h">KBL</subfield>
      <subfield code="i">.I2615</subfield>
      <subfield code="x">tr fr arab</subfield>
   </datafield>
   <datafield ind1=" " ind2=" " tag="959">
      <subfield code="a">2000-06-13 00:00:00 -0400</subfield>
   </datafield>
</record>
